@Book{buka,
author = {Buka Straszna},
title = {Nawiedzenia Doliny MuminkÃ³w},
publisher = {WNT},
year = {1997},
}

